% This file was created with JabRef 2.10.
% Encoding: UTF8


@Article{Academic2016,
  Title                    = {Obesity},
  Author                   = {Britannica Academic},
  Journal                  = {Encyclopædia Britannica Inc},
  Year                     = {2016},

  Owner                    = {Cecilie},
  Timestamp                = {2016.02.19}
}

@Book{Ahmad2014,
  Title                    = {Obesity},
  Author                   = {Ahmad, Shamim I. and Imam, Syed Khalid},
  Publisher                = {Springer},
  Year                     = {2014},

  Owner                    = {Cecilie},
  Timestamp                = {2016.02.22}
}

@Article{Berchtold2010,
  Title                    = {Exercise and cognitive functioning},
  Author                   = {Berchtold, Nicole C.},
  Journal                  = {AccessScience},
  Year                     = {2010},

  Doi                      = {http://dx.doi.org.zorac.aub.aau.dk/10.1036/1097-8542.YB100072},
  Owner                    = {josefinedamgade},
  Timestamp                = {2016.02.22}
}

@Book{Bugge2015,
  Title                    = {Forsøg med Læring i Bevægelse},
  Author                   = {Bugge, Anna and Seelen, Jesper von and Herskind, Mia and Svendler, Charlotte and Thorsen, Anne Kær and Dam, Jørn and Tarp, Jakob and Sørensen, Mona Have and Olesen, Line Grønholt and Froberg, Karsten},
  Editor                   = {Bugge, Anna and Froberg, Karsten},
  Publisher                = {Institut for Idræt og Biomekanik, Syddansk Universitet},
  Year                     = {2015},

  Comment                  = {ISBN: 978-87-93192-28-7-8},
  Owner                    = {josefinedamgade},
  Timestamp                = {2016.02.22}
}

@Article{Ekelund2015,
  Title                    = {Physical activity and all-cause mortality across levels of overall and abdominal adiposity in European men and women: the European Prospective Investigation into Cancer and Nutrition Study},
  Author                   = {Ekelund, Ulf et. al.},
  Journal                  = {the American Society for Nutrition},
  Year                     = {2015},

  Doi                      = {10.3945/ajcn.114.100065},
  Owner                    = {Cecilie},
  Timestamp                = {2016.02.22}
}

@Article{Hjort1997,
  Title                    = {Fysisk inaktivitet - den glemte risikofaktor},
  Author                   = {Hjort, Peter Fredrik},
  Journal                  = {Tidsskrift for den Norske lægeforening},
  Year                     = {1997},

  Owner                    = {Cecilie},
  Timestamp                = {2016.02.18},
  Url                      = {http://brage.bibsys.no/xmlui/bitstream/handle/11250/2377624/Hjort_1997_Fys242.pdf?sequence=1&isAllowed=y}
}

@Article{Kaprio2008,
  Title                    = {Physical inactivity and obesity: A vicious circle},
  Author                   = {Kaprio, Jaakko and Pietiläinen, Kirsi H and Borg, Patrik and Plasqui, Guy and YkiJärvinen, Hannele and Kujala, Urho M. and Rose, Richard J. and Westerterp, Klaas R and Rissanen, Aila},
  Journal                  = {Pubmed.gov},
  Year                     = {2008},

  Owner                    = {Cecilie},
  Timestamp                = {2016.02.18},
  Url                      = {http://www.ncbi.nlm.nih.gov/pmc/articles/PMC2249563/pdf/nihms26744.pdf}
}

@Article{Kiens2007,
  Title                    = {Fysisk inaktivitet – konsekvenser og sammenhænge},
  Author                   = {Kiens, Bente and Beyer, Nina and Brage, Søren and Hyldstrup, Lars and Ottesen, Laila Susanne and Overgaard, Kristian and Pedersen, Bente Klarlund and Puggaard Lis},
  Journal                  = {Motions- og Ernæringsrådet, Sundhedsstyrrelsen},
  Year                     = {2007},

  Owner                    = {Cecilie},
  Timestamp                = {2016.02.18},
  Url                      = {https://sundhedsstyrelsen.dk/publ/mer/2007/Fysisk_inaktivitet-konsekvenser_og_sammenhaenge2007.pdf}
}

@Article{Knight2012,
  Title                    = {Physical Inactivity: Associated Diseases and Disorders},
  Author                   = {Knight, Joseph A},
  Journal                  = {Annals of Clinical \& Laboratory Science, vol. 42, no. 3},
  Year                     = {2012},

  Owner                    = {Cecilie},
  Timestamp                = {2016.02.19},
  Url                      = {http://www.annclinlabsci.org/content/42/3/320.full.pdf}
}

@Book{Martini2012,
  Title                    = {Fundementals of Anatomy \& Physiology},
  Author                   = {Martini, Frederic H. and Nath, Judi L. and Bartholomew, Edwin F.},
  Publisher                = {Pearson},
  Year                     = {2012},

  Owner                    = {Cecilie},
  Timestamp                = {2016.02.22}
}

@Book{Mosby2009,
  Title                    = {Mosby's Medical Dictionary},
  Author                   = {Mosby},
  Publisher                = {Elsevier},
  Year                     = {2009},

  Owner                    = {Cecilie},
  Timestamp                = {2016.02.19},
  Url                      = {http://medical-dictionary.thefreedictionary.com/disuse+syndrome}
}

@Article{Nestle2014,
  Title                    = {Obesity},
  Author                   = {Nestle, Marion},
  Journal                  = {AccessScience},
  Year                     = {2014},

  Owner                    = {Cecilie},
  Timestamp                = {2016.02.22},
  Url                      = {http://www.accessscience.com.zorac.aub.aau.dk/content/obesity/463300}
}

@Article{Nichols2014,
  Title                    = {Cardiovascular disease in Europe 2014: epidemiological update},
  Author                   = {Nichols, Melanie and Townsend, Nick and Scarborough, Peter and Rayner, Mike},
  Journal                  = {European Heart Journal},
  Year                     = {2014},

  Doi                      = {10.1093/eurheartj/ehu299},
  Owner                    = {Cecilie},
  Timestamp                = {2016.02.22}
}

@Electronic{ObesityActionCoalition,
  Title                    = {Obesity Statistics},
  Author                   = {ObesityActionCoalition},
  Organization             = {ObesityActionCoalition},
  Url                      = {http://www.obesityaction.org/educational-resources/obesity-statistics-fact-sheets}
}

@Electronic{PowerAbout2015,
  Title                    = {UNICEF Kid Power},
  Author                   = {UNICEF Kid Power},
  Organization             = {UNICEF},
  Url                      = {http://schools.unicefkidpower.org/about/},
  Year                     = {2015},

  Owner                    = {Line Hald},
  Timestamp                = {2016.02.22}
}

@Electronic{PowerManual2015,
  Title                    = {Kid Power Band Manual (Kid Power Band 2.0)},
  Author                   = {UNICEF Kid Power},
  Month                    = {10},
  Organization             = {UNICEF},
  Url                      = {http://support.schools.unicefkidpower.org/hc/en-us/articles/206611105-Kid-Power-Band-Manual-Kid-Power-Band-2-0-},
  Year                     = {2015},

  Owner                    = {Line Hald},
  Timestamp                = {2016.02.22}
}

@Electronic{PowerMission2015,
  Title                    = {Go on Missions},
  Author                   = {UNICEF Kid Power},
  Organization             = {UNICEF},
  Url                      = {http://unicefkidpower.org/missions},
  Year                     = {2015},

  Owner                    = {Line Hald},
  Timestamp                = {2016.02.22}
}

@Article{Reshma2002,
  Title                    = {Physical inactivity a leading cause of disease and disability, warns WHO},
  Author                   = {Reshma, Prakash},
  Journal                  = {World Health Organization},
  Year                     = {2002},

  Owner                    = {Cecilie},
  Timestamp                = {2016.02.19},
  Url                      = {http://www.who.int/mediacentre/news/releases/release23/en/}
}

